<record><leader>00000cas a22000007a 4500</leader><controlfield tag="001">22247720</controlfield><controlfield tag="008">900820d1uuu1927nyuwr ne      0    0eng d</controlfield><datafield ind1=" " ind2=" " tag="010"><subfield code="a">sn 90066246 </subfield></datafield><datafield ind1=" " ind2=" " tag="040"><subfield code="a">NYS</subfield><subfield code="b">eng</subfield><subfield code="c">NYS</subfield><subfield code="d">OCLCQ</subfield></datafield><datafield ind1=" " ind2=" " tag="042"><subfield code="a">msc</subfield></datafield><datafield ind1="0" ind2="0" tag="245"><subfield code="a">Highland Mills star.</subfield></datafield><datafield ind1=" " ind2=" " tag="260"><subfield code="a">Middletown ;</subfield><subfield code="a">Highland Mills, N.Y. :</subfield><subfield code="b">Orange County Independent Corp.,</subfield><subfield code="c">-1927.</subfield></datafield><datafield ind1=" " ind2=" " tag="300"><subfield code="a">v.</subfield></datafield><datafield ind1=" " ind2=" " tag="310"><subfield code="a">Weekly</subfield></datafield><datafield ind1="0" ind2=" " tag="362"><subfield code="a">-v. 28, no. 8 (Mar. 24, 1927).</subfield></datafield><datafield ind1=" " ind2=" " tag="580"><subfield code="a">Merged with: Orange County times-press, and: Chester press, and: Highland Falls standard, and: Storm King sentinel, and: Lake region reporter, and: Florida journal (Middletown, N.Y.), and: Orange County record, and: Maybrook enterprise, and Central Valley post to form: Orange County independent.</subfield></datafield><datafield ind1=" " ind2=" " tag="588"><subfield code="a">Description based on: Vol. 27, no. 49 (Jan. 6, 1927).</subfield></datafield><datafield ind1=" " ind2="4" tag="651"><subfield code="a">Middletown (N.Y.)</subfield><subfield code="v">Newspapers.</subfield></datafield><datafield ind1=" " ind2="4" tag="651"><subfield code="a">Highland Mills (N.Y.)</subfield><subfield code="v">Newspapers.</subfield></datafield><datafield ind1=" " ind2=" " tag="752"><subfield code="a">United States</subfield><subfield code="b">New York</subfield><subfield code="c">Orange</subfield><subfield code="d">Middletown.</subfield></datafield><datafield ind1=" " ind2=" " tag="752"><subfield code="a">United States</subfield><subfield code="b">New York</subfield><subfield code="c">Orange</subfield><subfield code="d">Highland Mills.</subfield></datafield><datafield ind1="1" ind2="7" tag="785"><subfield code="t">Orange County times-press</subfield><subfield code="w">(DLC)sn 84031291</subfield><subfield code="w">(OCoLC)10812423</subfield></datafield><datafield ind1="1" ind2="7" tag="785"><subfield code="t">Chester press</subfield><subfield code="w">(DLC)sn 90066241</subfield><subfield code="w">(OCoLC)22246312</subfield></datafield><datafield ind1="1" ind2="7" tag="785"><subfield code="t">Highland Falls standard</subfield><subfield code="w">(DLC)sn 90066243</subfield><subfield code="w">(OCoLC)22175653</subfield></datafield><datafield ind1="1" ind2="7" tag="785"><subfield code="t">Storm King sentinel</subfield><subfield code="w">(DLC)sn 90066242</subfield><subfield code="w">(OCoLC)22246733</subfield></datafield><datafield ind1="1" ind2="7" tag="785"><subfield code="t">Lake region reporter</subfield><subfield code="w">(DLC)sn 90066244</subfield><subfield code="w">(OCoLC)22247717</subfield></datafield><datafield ind1="1" ind2="7" tag="785"><subfield code="t">Florida journal (Middletown, N.Y.)</subfield><subfield code="w">(DLC)sn 90066245</subfield><subfield code="w">(OCoLC)22247718</subfield></datafield><datafield ind1="1" ind2="7" tag="785"><subfield code="t">Orange County record</subfield><subfield code="w">(DLC)sn 90066247</subfield><subfield code="w">(OCoLC)22247723</subfield></datafield><datafield ind1="1" ind2="7" tag="785"><subfield code="t">Maybrook enterprise</subfield><subfield code="w">(DLC)sn 90066248</subfield><subfield code="w">(OCoLC)22247729</subfield></datafield><datafield ind1="1" ind2="7" tag="785"><subfield code="t">Central Valley post</subfield><subfield code="w">(DLC)sn 90066249</subfield><subfield code="w">(OCoLC)22247732</subfield></datafield><datafield ind1="1" ind2="7" tag="785"><subfield code="t">Orange County independent</subfield><subfield code="w">(DLC)sn 90066240</subfield><subfield code="w">(OCoLC)22175410</subfield></datafield></record>